@article{van2020worcs,
  title={WORCS: A Workflow for Open Reproducible Code in Science},
  author={Van Lissa, Caspar J and Brandmaier, Andreas Markus and Brinkman, Loek and Lamprecht, Anna-Lena and Peikert, Aaron and Struiksma, Marijn and Vreede, Barbara},
  year={2020},
  journal={GreatOAJournal},
  publisher={PsyArXiv}
}

@book{handbook,
  author       = {Wagner, Adina S. and
                  Waite, Laura K. and
                  Meyer, Kyle and
                  Heckner, Marisa K. and
                  Kadelka, Tobias and
                  Reuter, Niels and
                  Waite, Alexander Q. and
                  Poldrack, Benjamin and
                  Markiewicz, Christopher J. and
                  Halchenko, Yaroslav O. and
                  Vavra, Peter and
                  Chormai, Pattarawat and
                  Poline, Jean-Baptiste and
                  Paas, Lya K. and
                  Herholz, Peer and
                  Mochalski, Lisa N. and
                  Kraljevic, Nevena and
                  Wiersch, Lisa and
                  Hutton, Alexandre and
                  Pustina, Dorian and
                  Baagil, Hamzah Hamid and
                  Glatard, Tristan and
                  Oliveira, Sarah and
                  Ippoliti, Giulia and
                  MÃ¶nch, Christian and
                  Huijser, Dorien and
                  Hanke, Michael},
  title        = {The DataLad Handbook},
  publisher    = {Zenodo},
  year         = 2020,
  month        = jun,
  doi          = {10.5281/zenodo.3905791},
  url          = {https://doi.org/10.5281/zenodo.3905791}
}

@software{the_turing_way,
  author       = {{The Turing Way Community} and
                  Becky Arnold and
                  Louise Bowler and
                  Sarah Gibson and
                  Patricia Herterich and
                  Rosie Higman and
                  Anna Krystalli and
                  Alexander Morley and
                  Martin O'Reilly and
                  Kirstie Whitaker},
  title        = {{The Turing Way: A Handbook for Reproducible Data
                   Science}},
  month        = mar,
  year         = 2019,
  note         = {{This work was supported by The UKRI Strategic
                   Priorities Fund under the EPSRC Grant
                   EP/T001569/1, particularly the "Tools, Practices
                   and Systems" theme within that grant, and by The
                   Alan Turing Institute under the EPSRC grant
                   EP/N510129/1.}},
  publisher    = {Zenodo},
  version      = {v0.0.4},
  doi          = {10.5281/zenodo.3233986},
  url          = {https://doi.org/10.5281/zenodo.3233986}
}


@misc{peikert_brandmaier_2019,
 title={A Reproducible Data Analysis Workflow with R Markdown, Git, Make, and Docker},
 url={psyarxiv.com/8xzqy},
 DOI={10.31234/osf.io/8xzqy},
 publisher={PsyArXiv},
 author={Peikert, Aaron and Brandmaier, Andreas M},
 year={2019},
 month={Nov}
}